<record><leader>00000cas a2200000 i 4500</leader><controlfield tag="001">921936599</controlfield><controlfield tag="006">m     o  d        </controlfield><controlfield tag="007">cr |||||||||||</controlfield><controlfield tag="008">150923d18371845dcuwr neo     0   a0eng  </controlfield><datafield ind1=" " ind2=" " tag="010"><subfield code="a">  2015218862</subfield></datafield><datafield ind1=" " ind2=" " tag="040"><subfield code="a">DLC</subfield><subfield code="b">eng</subfield><subfield code="e">rda</subfield><subfield code="c">DLC</subfield><subfield code="d">DLC</subfield></datafield><datafield ind1="0" ind2=" " tag="022"><subfield code="a">2381-0408</subfield><subfield code="2">1</subfield></datafield><datafield ind1=" " ind2=" " tag="042"><subfield code="a">pcc</subfield><subfield code="a">nsdp</subfield></datafield><datafield ind1=" " ind2=" " tag="043"><subfield code="a">n-us-dc</subfield></datafield><datafield ind1="1" ind2="0" tag="050"><subfield code="a">ISSN RECORD</subfield></datafield><datafield ind1="0" ind2="0" tag="082"><subfield code="a">071</subfield><subfield code="2">23</subfield></datafield><datafield ind1="0" ind2=" " tag="130"><subfield code="a">Madisonian (Washington, D.C. : Weekly)</subfield></datafield><datafield ind1=" " ind2="4" tag="222"><subfield code="a">The Madisonian</subfield><subfield code="b">(Washington, D.C. Weekly. Online)</subfield></datafield><datafield ind1="1" ind2="4" tag="245"><subfield code="a">The Madisonian.</subfield></datafield><datafield ind1=" " ind2=" " tag="250"><subfield code="a">For the country.</subfield></datafield><datafield ind1=" " ind2="1" tag="264"><subfield code="a">Washington City [D.C.] :</subfield><subfield code="b">Thomas Allen</subfield></datafield><datafield ind1=" " ind2=" " tag="300"><subfield code="a">1 online resource</subfield></datafield><datafield ind1=" " ind2=" " tag="310"><subfield code="a">Weekly</subfield></datafield><datafield ind1=" " ind2=" " tag="336"><subfield code="a">text</subfield><subfield code="b">txt</subfield><subfield code="2">rdacontent</subfield></datafield><datafield ind1=" " ind2=" " tag="337"><subfield code="a">computer</subfield><subfield code="b">c</subfield><subfield code="2">rdamedia</subfield></datafield><datafield ind1=" " ind2=" " tag="338"><subfield code="a">online resource</subfield><subfield code="b">cr</subfield><subfield code="2">rdacarrier</subfield></datafield><datafield ind1="1" ind2=" " tag="362"><subfield code="a">Began in 1837. Ceased in Apr. 1845?</subfield></datafield><datafield ind1=" " ind2=" " tag="500"><subfield code="a">Published on Saturday.</subfield></datafield><datafield ind1=" " ind2=" " tag="500"><subfield code="a">Publishers: Thomas Allen, &lt;1838&gt;-1841; John B. Jones &amp; Co., 1841; John B. Jones, 1841-&lt;1843&gt;.</subfield></datafield><datafield ind1=" " ind2=" " tag="500"><subfield code="a">Editors: Thomas Allen, &lt;1838&gt;-1841; John B. Jones, 1841-1845.</subfield></datafield><datafield ind1=" " ind2=" " tag="515"><subfield code="a">Issue for Mar. 21, 1840 misdated Mar. 21, 1820.</subfield></datafield><datafield ind1=" " ind2=" " tag="515"><subfield code="a">Issue for &lt;Apr. 24, 1841&gt; also called: Whole no. &lt;170&gt;.</subfield></datafield><datafield ind1=" " ind2=" " tag="530"><subfield code="a">Also issued on microfilm from Library of Congress, Photoduplication Service.</subfield></datafield><datafield ind1=" " ind2=" " tag="580"><subfield code="a">Daily ed.: Daily Madisonian (Washington, D.C.), 1841-&lt;1843&gt;.</subfield></datafield><datafield ind1=" " ind2=" " tag="580"><subfield code="a">Semiweekly ed.: Madisonian (Washington, D.C. : Semiweekly), &lt;1838-1843&gt;.</subfield></datafield><datafield ind1=" " ind2=" " tag="588"><subfield code="a">Description based on: Vol. II, no. 8, whole no. 60 (February 2, 1839); title from masthead (Chroniclingamerica.loc.gov, viewed September 23, 2015).</subfield></datafield><datafield ind1=" " ind2=" " tag="588"><subfield code="a">Latest issue consulted: Vol. IV, no. 49, whole no. 157 (December 4, 1841) (Chroniclingamerica.loc.gov, viewed September 23, 2015).</subfield></datafield><datafield ind1=" " ind2="0" tag="651"><subfield code="a">Washington (D.C.)</subfield><subfield code="v">Newspapers.</subfield></datafield><datafield ind1=" " ind2="7" tag="651"><subfield code="a">Washington (D.C.)</subfield><subfield code="2">fast</subfield><subfield code="0">(OCoLC)fst01204505</subfield></datafield><datafield ind1=" " ind2="7" tag="655"><subfield code="a">Newspapers.</subfield><subfield code="2">fast</subfield><subfield code="0">(OCoLC)fst01423814</subfield></datafield><datafield ind1=" " ind2=" " tag="752"><subfield code="a">United States</subfield><subfield code="b">District of Columbia</subfield><subfield code="d">Washington.</subfield></datafield><datafield ind1="1" ind2=" " tag="775"><subfield code="t">Daily Madisonian (Washington, D.C.)</subfield></datafield><datafield ind1="1" ind2=" " tag="775"><subfield code="t">Madisonian (Washington, D.C. : Semiweekly)</subfield><subfield code="x">2381-0440</subfield><subfield code="w">(DLC)  2015218863</subfield><subfield code="w">(OCoLC)921938628</subfield></datafield><datafield ind1="0" ind2="8" tag="776"><subfield code="i">Originally issued in print:</subfield><subfield code="t">Madisonian (Washington, D.C. : Weekly)</subfield><subfield code="x">2381-0394</subfield><subfield code="w">(DLC)sn 82014039</subfield><subfield code="w">(OCoLC)8772877</subfield></datafield><datafield ind1="0" ind2="0" tag="785"><subfield code="t">United States journal (Washington, D.C. : 1845 : Weekly)</subfield></datafield><datafield ind1="4" ind2="0" tag="856"><subfield code="3">02/02/1839 to 12/04/1841</subfield><subfield code="u">http://infoweb.newsbank.com/?db=EANX&amp;s_browseRef=decades/113435B96C8C0D80/all.xml</subfield></datafield><datafield ind1="4" ind2="0" tag="856"><subfield code="u">http://www.loc.gov/chroniclingamerica/lccn/sn82014039/issues</subfield></datafield></record>